<record><leader>00000cas a2200000 a 4500</leader><controlfield tag="001">794638248</controlfield><controlfield tag="008">120602d19481953oruwr ne      0    0eng c</controlfield><datafield ind1=" " ind2=" " tag="010"><subfield code="a">  2012260092</subfield></datafield><datafield ind1=" " ind2=" " tag="040"><subfield code="a">ORU</subfield><subfield code="b">eng</subfield><subfield code="c">ORU</subfield><subfield code="d">ORU</subfield><subfield code="d">OCLCF</subfield><subfield code="d">OCLCO</subfield><subfield code="d">OCL</subfield></datafield><datafield ind1=" " ind2=" " tag="042"><subfield code="a">pcc</subfield></datafield><datafield ind1=" " ind2=" " tag="043"><subfield code="a">n-us-or</subfield></datafield><datafield ind1="0" ind2="0" tag="245"><subfield code="a">Tri-county shopper.</subfield></datafield><datafield ind1=" " ind2=" " tag="260"><subfield code="a">McMinnville, Or. :</subfield><subfield code="b">Tri-County Shopper,</subfield><subfield code="c">1948-1953.</subfield></datafield><datafield ind1=" " ind2=" " tag="300"><subfield code="a">v. :</subfield><subfield code="b">ill.</subfield></datafield><datafield ind1=" " ind2=" " tag="310"><subfield code="a">Weekly</subfield></datafield><datafield ind1="1" ind2=" " tag="362"><subfield code="a">Began with Vol. 1, no. 1 (Apr. 19, 1948), ceased with Vol. 5, no. 1 (Mar. 26, 1953).</subfield></datafield><datafield ind1=" " ind2=" " tag="500"><subfield code="a">First few issues consist entirely of advertisements.</subfield></datafield><datafield ind1=" " ind2=" " tag="530"><subfield code="a">Also available on microfilm from University of Oregon.</subfield></datafield><datafield ind1=" " ind2=" " tag="580"><subfield code="a">Merged with: News register (McMinnville, Or. : 1953), to form: Daily news-register.</subfield></datafield><datafield ind1=" " ind2=" " tag="588"><subfield code="a">Description based on: Vol. 1, no. 1 (Apr. 19, 1948); title from masthead.</subfield></datafield><datafield ind1=" " ind2=" " tag="588"><subfield code="a">Latest issue consulted: Vol. 5, no. 1 (Mar. 26, 1953).</subfield></datafield><datafield ind1=" " ind2="0" tag="650"><subfield code="a">Advertising</subfield><subfield code="x">Newspapers</subfield><subfield code="z">Oregon</subfield><subfield code="z">Yamhill County.</subfield></datafield><datafield ind1=" " ind2="0" tag="651"><subfield code="a">McMinnville (Or.)</subfield><subfield code="v">Newspapers.</subfield></datafield><datafield ind1=" " ind2="0" tag="651"><subfield code="a">Yamhill County (Or.)</subfield><subfield code="v">Newspapers.</subfield></datafield><datafield ind1=" " ind2="7" tag="650"><subfield code="a">Advertising</subfield><subfield code="x">Newspapers.</subfield><subfield code="2">fast</subfield><subfield code="0">(OCoLC)fst01199091</subfield></datafield><datafield ind1=" " ind2="7" tag="651"><subfield code="a">Oregon</subfield><subfield code="z">McMinnville.</subfield><subfield code="2">fast</subfield><subfield code="0">(OCoLC)fst01226321</subfield></datafield><datafield ind1=" " ind2="7" tag="651"><subfield code="a">Oregon</subfield><subfield code="z">Yamhill County.</subfield><subfield code="2">fast</subfield><subfield code="0">(OCoLC)fst01220996</subfield></datafield><datafield ind1=" " ind2="7" tag="655"><subfield code="a">Newspapers.</subfield><subfield code="2">fast</subfield><subfield code="0">(OCoLC)fst01423814</subfield></datafield><datafield ind1=" " ind2=" " tag="752"><subfield code="a">United States</subfield><subfield code="b">Oregon</subfield><subfield code="c">Yamhill</subfield><subfield code="d">McMinnville.</subfield></datafield><datafield ind1="1" ind2="7" tag="785"><subfield code="t">News register (McMinnville, Or. : 1953)</subfield><subfield code="w">(DLC)sn 97071130</subfield><subfield code="w">(OCoLC)39732283</subfield></datafield><datafield ind1="1" ind2="7" tag="785"><subfield code="t">Daily news-register</subfield><subfield code="w">(DLC)sn 97071131</subfield><subfield code="w">(OCoLC)39732276</subfield></datafield></record>